@InProceedings{Zhu_2017_CVPR,
author = {Zhu, Xizhou and Xiong, Yuwen and Dai, Jifeng and Yuan, Lu and Wei, Yichen},
title = {Deep Feature Flow for Video Recognition},
booktitle = {The IEEE Conference on Computer Vision and Pattern Recognition (CVPR)},
month = {July},
year = {2017}
}
@article{Dumoulin2016AGT,
  title={A guide to convolution arithmetic for deep learning},
  author={Vincent Dumoulin and Francesco Visin},
  journal={ArXiv},
  year={2016},
  volume={abs/1603.07285}
}
@InProceedings{He_2015_ICCV,
author = {He, Kaiming and Zhang, Xiangyu and Ren, Shaoqing and Sun, Jian},
title = {Delving Deep into Rectifiers: Surpassing Human-Level Performance on ImageNet Classification},
booktitle = {The IEEE International Conference on Computer Vision (ICCV)},
month = {December},
year = {2015}
}


@INPROCEEDINGS{Glorot10understandingthe,
    author = {Xavier Glorot and Yoshua Bengio},
    title = {Understanding the difficulty of training deep feedforward neural networks},
    booktitle = {In Proceedings of the International Conference on Artificial Intelligence and Statistics (AISTATSâ€™10). Society for Artificial Intelligence and Statistics},
    year = {2010}
}